@inproceedings{rempfler-2017,
  author    = {Markus Rempfler
    and Sanjeev Kumar
    and Valentin Stierle
    and Philipp Paulitschke
    and Bjoern Andres
    and Bjoern H. Menze},
  title     = {Cell Lineage Tracing in Lens-free Microscopy Videos},
  booktitle = {MICCAI},
  year      = {2017},
}

@article{
          anonymous2018predicting,
          title={Predicting Multiple Actions for Stochastic Continuous Control},
          author={Anonymous},
          journal={International Conference on Learning Representations},
          year={2018},
          url={https://openreview.net/pdf?id=B10ZpbWCZ}
}

@InProceedings{haeusser-cvpr-17,
  author = 	 "P. Haeusser and A. Mordvintsev and D. Cremers",
  title = 	 "Learning by Association - A versatile semi-supervised training method for neural networks",
  booktitle = cvpr,
  year = 	 "2017",
}
